<record xmlns="http://www.loc.gov/MARC21/slim" xmlns:xsi="http://www.w3.org/2001/XMLSchema-instance" xsi:schemaLocation="http://www.loc.gov/MARC21/slim http://www.loc.gov/standards/marcxml/schema/MARC21slim.xsd"><leader>00344cz   2200145n  4500</leader><controlfield tag="001">oca00553496 </controlfield><controlfield tag="005">19990222164327.6</controlfield><controlfield tag="008">810123n| acannaab|          |a aaa |||  </controlfield><datafield ind1=" " ind2=" " tag="010"><subfield code="a">n  81007446 </subfield></datafield><datafield ind1=" " ind2=" " tag="040"><subfield code="a">DLC</subfield><subfield code="c">DLC</subfield><subfield code="d">DLC</subfield></datafield><datafield ind1="0" ind2=" " tag="100"><subfield code="a">Avianus</subfield></datafield><datafield ind1="0" ind2=" " tag="400"><subfield code="a">Avian</subfield></datafield><datafield ind1="0" ind2=" " tag="400"><subfield code="a">Avienus</subfield></datafield><datafield ind1="0" ind2=" " tag="400"><subfield code="a">Avieno</subfield></datafield><datafield ind1=" " ind2=" " tag="670"><subfield code="a">Il periplo nascosto, c1998:</subfield><subfield code="b">t.p. (Avieno)</subfield></datafield></record>